<record><leader>00000cas a22000007a 4500</leader><controlfield tag="001">12396208</controlfield><controlfield tag="008">850817d18361838pauwr ne      0    0eng d</controlfield><datafield ind1=" " ind2=" " tag="010"><subfield code="a">sn 85038392 </subfield></datafield><datafield ind1=" " ind2=" " tag="040"><subfield code="a">NPY</subfield><subfield code="b">eng</subfield><subfield code="c">NPY</subfield><subfield code="d">DLC</subfield><subfield code="d">NPH</subfield><subfield code="d">OCLCQ</subfield></datafield><datafield ind1=" " ind2=" " tag="042"><subfield code="a">msc</subfield></datafield><datafield ind1="0" ind2="0" tag="050"><subfield code="a">Newspaper 9375-X</subfield></datafield><datafield ind1="0" ind2="0" tag="245"><subfield code="a">Democrat and workingmen's advocate.</subfield></datafield><datafield ind1="1" ind2="3" tag="246"><subfield code="a">Democrat and advocate</subfield></datafield><datafield ind1=" " ind2=" " tag="260"><subfield code="a">Pittsburgh [Pa.] :</subfield><subfield code="b">Wilson F. Stewart,</subfield><subfield code="c">-1838.</subfield></datafield><datafield ind1=" " ind2=" " tag="300"><subfield code="a">v. ;</subfield><subfield code="c">59 cm.</subfield></datafield><datafield ind1=" " ind2=" " tag="310"><subfield code="a">Weekly</subfield></datafield><datafield ind1="1" ind2=" " tag="362"><subfield code="a">Began in 1836.</subfield></datafield><datafield ind1="0" ind2=" " tag="362"><subfield code="a">-new ser. v. 2, no. 43 (Apr. 21, 1838).</subfield></datafield><datafield ind1=" " ind2=" " tag="515"><subfield code="a">Issues for &lt;Dec. 30, 1836&gt; called also &lt;whole no. 656&gt;.</subfield></datafield><datafield ind1=" " ind2=" " tag="588"><subfield code="a">Description based on: New ser., v. 1, no. 27 (Dec. 30, 1836).</subfield></datafield><datafield ind1=" " ind2=" " tag="752"><subfield code="a">United States</subfield><subfield code="b">Pennsylvania</subfield><subfield code="c">Allegheny</subfield><subfield code="d">Pittsburgh.</subfield></datafield><datafield ind1="0" ind2="0" tag="780"><subfield code="t">Allegheny Democrat and working-men's advocate</subfield><subfield code="w">(DLC)sn 85054714</subfield></datafield><datafield ind1="0" ind2="0" tag="785"><subfield code="t">Allegheny Democrat, and working-men's advocate (Pittsburgh, Pa. : 1838)</subfield><subfield code="w">(DLC)sn 87062073</subfield></datafield></record>